<?xml version="1.0" encoding="UTF-8"?><collection xmlns="http://www.loc.gov/MARC21/slim"><record><leader>00498nam--2200181-i-4500</leader><controlfield tag="001">000013364</controlfield><controlfield tag="002">20161230</controlfield><controlfield tag="005">20161230201030</controlfield><controlfield tag="008">060222s1000------------r-----000-0-fre-d</controlfield><datafield ind1=" " ind2=" " tag="040"><subfield code="a">IFIN-HH</subfield></datafield><datafield ind1=" " ind2=" " tag="041"><subfield code="a">fre</subfield></datafield><datafield ind1=" " ind2=" " tag="080"><subfield code="a">539.184.5(043)</subfield></datafield><datafield ind1="1" ind2=" " tag="100"><subfield code="a">Blancard, Pierre</subfield></datafield><datafield ind1="1" ind2="0" tag="245"><subfield code="a">Contribution a l'etude des etats fortement excites de l'atome d'uranium</subfield><subfield code="b">These</subfield><subfield code="c">Pierre blancard</subfield></datafield><datafield ind1=" " ind2=" " tag="260"><subfield code="a">Paris</subfield><subfield code="b">Universite</subfield><subfield code="c">1979</subfield></datafield><datafield ind1=" " ind2=" " tag="300"><subfield code="a">96 P</subfield></datafield><datafield ind1=" " ind2=" " tag="852"><subfield code="a">48563</subfield><subfield code="c">539.18</subfield></datafield><datafield ind1=" " ind2=" " tag="CAT"><subfield code="a">Sys</subfield><subfield code="c">20120704</subfield><subfield code="h">165408</subfield></datafield></record></collection>